@article{lloyd1982least,
  title={Least squares quantization in PCM},
  author={Lloyd, Stuart},
  journal={IEEE transactions on information theory},
  volume={28},
  number={2},
  pages={129--137},
  year={1982},
  publisher={IEEE}
}

@book{boyd2018introduction,
  title={Introduction to applied linear algebra: vectors, matrices, and least squares},
  author={Boyd, Stephen and Vandenberghe, Lieven},
  year={2018},
  publisher={Cambridge university press}
}
@article{lamport1988document,
  title={Document Production: Visual or Logical?},
  author={Lamport, Leslie},
  journal={TUGboat},
  volume={9},
  number={1},
  pages={8--10},
  year={1988}
}

@book{hesthaven2007nodal,
  title={Nodal discontinuous Galerkin methods: algorithms, analysis, and applications},
  author={Hesthaven, Jan S and Warburton, Tim},
  year={2007},
  publisher={Springer Science \& Business Media}
}

@article{knuth1974computer,
  title={Computer programming as an art},
  author={Knuth, Donald E},
  journal={Communications of the ACM},
  volume={17},
  number={12},
  pages={667--673},
  year={1974},
  publisher={ACM}
}

@article{finkel1974quad,
  title={Quad trees a data structure for retrieval on composite keys},
  author={Finkel, Raphael A. and Bentley, Jon Louis},
  journal={Acta informatica},
  volume={4},
  number={1},
  pages={1--9},
  year={1974},
  publisher={Springer}
}

@article{bentley1975multidimensional,
  title={Multidimensional binary search trees used for associative searching},
  author={Bentley, Jon Louis},
  journal={Communications of the ACM},
  volume={18},
  number={9},
  pages={509--517},
  year={1975},
  publisher={ACM}
}

@misc{bailey199112,
  title={12 ways to fool the masses when giving performance results on parallel computers},
  author={Bailey, David H},
  year={1991},
  publisher={ASFRA VOORHAVEN 33, 1135 BL EDAM, NETHERLANDS}
}

@inproceedings{bailey2009misleading,
  title={Misleading performance claims in parallel computations},
  author={Bailey, David H},
  booktitle={Proceedings of the 46th Annual Design Automation Conference},
  pages={528--533},
  year={2009},
  organization={ACM}
}

@misc{moore1965cramming,
  title={Cramming more components onto integrated circuits},
  author={Moore, Gordon E and others},
  year={1965},
  publisher={McGraw-Hill New York, NY, USA:}
}

%% ----------------------------------------
%% from Russell Hewett
%% ----------------------------------------

@misc{StroustrupBjarne2017,
  title = {Stroustrup: {{C}}++ {{Style}} and {{Technique FAQ}}},
  journal = {Bjarne Stroustrup's C++ Style and Technique FAQ},
  howpublished = {http://www.stroustrup.com/bs\_faq2.html},
  author = {Stroustrup, Bjarne},
  month = sep,
  year = {2017},
  file = {C:\\Users\\rhewett\\Documents\\academic\\library\\storage\\Q5M87CUN\\bs_faq2.html}
}

@misc{Lott2011,
  title = {C and {{C}}++ {{Style Guides}}},
  journal = {C and C++ Style Guides},
  howpublished = {http://www.maultech.com/chrislott/resources/cstyle/},
  author = {Lott, Christopher},
  year = {2011},
  file = {C:\\Users\\rhewett\\Documents\\academic\\library\\storage\\PJPKCMT6\\cstyle.html}
}

@misc{GoogleDevelopers2018,
  title = {Google {{Objective}}-{{C Style Guide}}},
  abstract = {Style guides for Google-originated open-source projects},
  language = {en-US},
  journal = {styleguide},
  howpublished = {http://google.github.io/styleguide/objcguide.html},
  author = {GoogleDevelopers},
  month = aug,
  year = {2018},
  file = {C:\\Users\\rhewett\\Documents\\academic\\library\\storage\\X5489Z8Y\\objcguide.html}
}

@misc{Witters2005,
  title = {Tao of {{Coding}} by {{Koen Witters}}},
  howpublished = {http://www.maultech.com/chrislott/resources/cstyle/witters\_tao\_coding.html},
  author = {Witters, Koen},
  year = {2005},
  file = {C:\\Users\\rhewett\\Documents\\academic\\library\\storage\\F6UXA6CE\\witters_tao_coding.html}
}

@misc{Peters2004,
  title = {{{PEP}} 20 -- {{The Zen}} of {{Python}}},
  abstract = {The official home of the Python Programming Language},
  language = {en},
  journal = {Python.org},
  howpublished = {https://www.python.org/dev/peps/pep-0020/},
  author = {Peters, Tim},
  month = aug,
  year = {2004},
  file = {C:\\Users\\rhewett\\Documents\\academic\\library\\storage\\HM73J4KA\\pep-0020.html}
}

@misc{vanRossumWarsawEtAl2013,
  title = {{{PEP}} 8 -- {{Style Guide}} for {{Python Code}}},
  abstract = {The official home of the Python Programming Language},
  language = {en},
  journal = {Python.org},
  howpublished = {https://www.python.org/dev/peps/pep-0008/},
  author = {{van Rossum}, Guido and Warsaw, Barry and Coghlan, Nick},
  month = jan,
  year = {2013},
  file = {C:\\Users\\rhewett\\Documents\\academic\\library\\storage\\WL84JJMJ\\pep-0008.html}
}

@misc{Beams2014,
  title = {How to {{Write}} a {{Git Commit Message}}},
  journal = {How to Write a Git Commit Message},
  howpublished = {https://chris.beams.io/posts/git-commit/\#seven-rules},
  author = {Beams, Chris},
  month = aug,
  year = {2014},
  file = {C:\\Users\\rhewett\\Documents\\academic\\library\\storage\\XG6DTRFW\\git-commit.html}
}

@misc{Patterson2013,
  title = {Developer {{Tip}}: {{Keep Your Commits}} "{{Atomic}}"},
  shorttitle = {Developer {{Tip}}},
  abstract = {An "atomic" change revolves around one task or fix. Atomic commits will make your project more flexible for bug fixes, feature migrations, and rollbacks.},
  language = {en-US},
  journal = {Fresh Consulting},
  howpublished = {https://www.freshconsulting.com/atomic-commits/},
  author = {Patterson, Sean},
  month = oct,
  year = {2013},
  file = {C:\\Users\\rhewett\\Documents\\academic\\library\\storage\\8U627PWE\\atomic-commits.html}
}



@article{keckler2011gpus,
  title={GPUs and the future of parallel computing},
  author={Keckler, Stephen W and Dally, William J and Khailany, Brucek and Garland, Michael and Glasco, David},
  journal={IEEE Micro},
  volume={31},
  number={5},
  pages={7--17},
  year={2011},
  publisher={IEEE}
}

@article{friend1956sorting,
  title={Sorting on electronic computer systems},
  author={Friend, Edward H},
  journal={Journal of the ACM (JACM)},
  volume={3},
  number={3},
  pages={134--168},
  year={1956},
  publisher={ACM}
}

@article{burge1958sorting,
  title={Sorting, trees, and measures of order},
  author={Burge, William H},
  journal={Information and Control},
  volume={1},
  number={3},
  pages={181--197},
  year={1958},
  publisher={Elsevier}
}

@article{windley1960trees,
  title={Trees, forests and rearranging},
  author={Windley, Peter F},
  journal={The Computer Journal},
  volume={3},
  number={2},
  pages={84--88},
  year={1960},
  publisher={Oxford University Press}
}

@inproceedings{walker1972hybrid,
  title={Hybrid trees: A data structure for lists of keys},
  author={Walker, WA and Gotlieb, CC},
  booktitle={Proceedings of 1972 ACM-SIGFIDET workshop on Data description, access and control},
  pages={189--211},
  year={1972},
  organization={ACM}
}

@inproceedings{markidis2018nvidia,
  title={Nvidia tensor core programmability, performance \& precision},
  author={Markidis, Stefano and Der Chien, Steven Wei and Laure, Erwin and Peng, Ivy Bo and Vetter, Jeffrey S},
  booktitle={2018 IEEE International Parallel and Distributed Processing Symposium Workshops (IPDPSW)},
  pages={522--531},
  year={2018},
  organization={IEEE}
}

@inproceedings{haidar2018harnessing,
  title={Harnessing GPU tensor cores for fast FP16 arithmetic to speed up mixed-precision iterative refinement solvers},
  author={Haidar, Azzam and Tomov, Stanimire and Dongarra, Jack and Higham, Nicholas J},
  booktitle={Proceedings of the International Conference for High Performance Computing, Networking, Storage, and Analysis},
  pages={47},
  year={2018},
  organization={IEEE Press}
}

@inproceedings{masliah2016high,
  title={High-performance matrix-matrix multiplications of very small matrices},
  author={Masliah, Ian and Abdelfattah, Ahmad and Haidar, Azzam and Tomov, Stanimire and Baboulin, Marc and Falcou, Jo{\"e}l and Dongarra, Jack},
  booktitle={European Conference on Parallel Processing},
  pages={659--671},
  year={2016},
  organization={Springer}
}

@inproceedings{haidar2018design,
  title={The design of fast and energy-efficient linear solvers: On the potential of half-precision arithmetic and iterative refinement techniques},
  author={Haidar, Azzam and Abdelfattah, Ahmad and Zounon, Mawussi and Wu, Panruo and Pranesh, Srikara and Tomov, Stanimire and Dongarra, Jack},
  booktitle={International Conference on Computational Science},
  pages={586--600},
  year={2018},
  organization={Springer}
}

@article{blanchard2019mixed,
  title={Mixed Precision Block Fused Multiply-Add: Error Analysis and Application to GPU Tensor Cores},
  author={Blanchard, Pierre and Higham, Nicholas J and Lopez, Florent and Mary, Theo and Pranesh, Srikara},
  year={2019}
}

@book{sanders2010cuda,
  title={CUDA by example: an introduction to general-purpose GPU programming},
  author={Sanders, Jason and Kandrot, Edward},
  year={2010},
  publisher={Addison-Wesley Professional}
}

@book{kindratenko2014numerical,
  title={Numerical computations with GPUs},
  author={Kindratenko, Volodymyr},
  year={2014},
  publisher={Springer}
}

@book{farber2011cuda,
  title={CUDA application design and development},
  author={Farber, Rob},
  year={2011},
  publisher={Elsevier}
}

@book{cheng2014professional,
  title={Professional Cuda C Programming},
  author={Cheng, John and Grossman, Max and McKercher, Ty},
  year={2014},
  publisher={John Wiley \& Sons}
}

@book{kirk2016programming,
  title={Programming massively parallel processors: a hands-on approach},
  author={Kirk, David B and Wen-Mei, W Hwu},
  year={2016},
  publisher={Morgan kaufmann}
}

@book{gaster2012heterogeneous,
  title={Heterogeneous computing with openCL: revised openCL 1.},
  author={Gaster, Benedict and Howes, Lee and Kaeli, David R and Mistry, Perhaad and Schaa, Dana},
  year={2012},
  publisher={Newnes}
}

@article{jia2018dissecting,
  title={Dissecting the nvidia volta gpu architecture via microbenchmarking},
  author={Jia, Zhe and Maggioni, Marco and Staiger, Benjamin and Scarpazza, Daniele P},
  journal={arXiv preprint arXiv:1804.06826},
  year={2018}
}


@inproceedings{balaji2009mpi,
  title={MPI on a Million Processors},
  author={Balaji, Pavan and Buntinas, Darius and Goodell, David and Gropp, William and Kumar, Sameer and Lusk, Ewing and Thakur, Rajeev and Tr{\"a}ff, Jesper Larsson},
  booktitle={European Parallel Virtual Machine/Message Passing Interface Users’ Group Meeting},
  pages={20--30},
  year={2009},
  organization={Springer}
}

@inproceedings{amdahl1967validity,
  title={Validity of the single processor approach to achieving large scale computing capabilities},
  author={Amdahl, Gene M},
  booktitle={Proceedings of the April 18-20, 1967, spring joint computer conference},
  pages={483--485},
  year={1967},
  organization={ACM}
}
@article{gustafson1988reevaluating,
  title={Reevaluating Amdahl's law},
  author={Gustafson, John L},
  journal={Communications of the ACM},
  volume={31},
  number={5},
  pages={532--533},
  year={1988},
  publisher={ACM}
}
@article{davison1995twelve,
  title={Twelve Ways to Fool the Masses When Giving Performance Results on Parallel Computers},
  author={Davison, Andrew},
  year={1995},
  publisher={MIT Press}
}


@article{jia2018dissecting,
  title={Dissecting the nvidia volta gpu architecture via microbenchmarking},
  author={Jia, Zhe and Maggioni, Marco and Staiger, Benjamin and Scarpazza, Daniele P},
  journal={arXiv preprint arXiv:1804.06826},
  year={2018}
}